

@ARTICLE{AHF,
	author = {{Knollmann}, S.~R. and {Knebe}, A.},
	title = "{AHF: Amiga's Halo Finder}",
	journal = {\apj},
	archivePrefix = "arXiv",
	eprint = {0904.3662},
	keywords = {methods: numerical},
	year = 2009,
	month = jun,
	volume = 182,
	pages = {608-624},
	doi = {10.1088/0067-0049/182/2/608},
	adsurl = {http://adsabs.harvard.edu/abs/2009ApJS..182..608K},
	adsnote = {Provided by the SAO/NASA Astrophysics Data System}
}






@article{ ASOHF,
	author = {{Planelles, S.} and {Quilis, V.}},
	title = {ASOHF: a new adaptive spherical overdensity halo finder},
	DOI= "10.1051/0004-6361/201014214",
	url= "https://doi.org/10.1051/0004-6361/201014214",
	journal = {\aap},
	year = 2010,
	volume = 519,
	pages = "A94",
	month = "",
}







@ARTICLE{AMR,
   author = {{Berger}, M.~J. and {Colella}, P.},
    title = "{Local adaptive mesh refinement for shock hydrodynamics}",
  journal = {Journal of Computational Physics},
 keywords = {Conservation Laws, Grid Generation (Mathematics), Hydrodynamics, Shock Waves, Algorithms, Boundary Integral Method, Discontinuity, Error Analysis, Euler Equations Of Motion, Numerical Analysis},
     year = 1989,
    month = may,
   volume = 82,
    pages = {64-84},
      doi = {10.1016/0021-9991(89)90035-1},
   adsurl = {http://adsabs.harvard.edu/abs/1989JCoPh..82...64B},
  adsnote = {Provided by the SAO/NASA Astrophysics Data System}
}








ARTICLE{BL,
	author = {{Macci{\`o}}, A.~V. and {Murante}, G. and {Bonometto}, S.~P.
	},
	title = "{Mass of Clusters in Simulations}",
	journal = {\apj},
	eprint = {astro-ph/0301247},
	keywords = {Cosmology: Theory, Cosmology: Dark Matter, Galaxies: Clusters: General, Cosmology: Large-Scale Structure of Universe, methods: N-body simulations},
	year = 2003,
	month = may,
	volume = 588,
	pages = {35-49},
	doi = {10.1086/373944},
	adsurl = {http://adsabs.harvard.edu/abs/2003ApJ...588...35M},
	adsnote = {Provided by the SAO/NASA Astrophysics Data System}
}








@MISC{DICE,
  author = {{Perret}, V.},
  title = "{DICE: Disk Initial Conditions Environment}",
  keywords = {Software },
  howpublished = {Astrophysics Source Code Library},
  year = 2016,
  month = jul,
  archivePrefix = "ascl",
  eprint = {1607.002},
  adsurl = {http://adsabs.harvard.edu/abs/2016ascl.soft07002P},
  adsnote = {Provided by the SAO/NASA Astrophysics Data System}
}












@ARTICLE{FOF,
	author = {{Davis}, M. and {Efstathiou}, G. and {Frenk}, C.~S. and {White}, S.~D.~M.
	},
	title = "{The evolution of large-scale structure in a universe dominated by cold dark matter}",
	journal = {\apj},
	keywords = {Computational Astrophysics, Cosmology, Galactic Clusters, Galactic Evolution, Missing Mass (Astrophysics), Weak Interactions (Field Theory), Astronomical Models, Computerized Simulation, Correlation, Many Body Problem, Mass Distribution, Mass To Light Ratios, Matter (Physics), Radial Velocity, Red Shift},
	year = 1985,
	month = may,
	volume = 292,
	pages = {371-394},
	doi = {10.1086/163168},
	adsurl = {http://adsabs.harvard.edu/abs/1985ApJ...292..371D},
	adsnote = {Provided by the SAO/NASA Astrophysics Data System}
}
















@article{FTT,
	author = {Khokhlov, A.M},
	title = {Fully Threaded Tree Algorithms for Adaptive Refinement Fluid Dynamics Simulations},
	journal = {J. Comput. Phys.},
	issue_date = {July 1, 1998},
	volume = {143},
	number = {2},
	month = jul,
	year = {1998},
	issn = {0021-9991},
	pages = {519--543},
	numpages = {25},
	url = {http://dx.doi.org/10.1006/jcph.1998.9998},
	doi = {10.1006/jcph.1998.9998},
	acmid = {295578},
	publisher = {Academic Press Professional, Inc.},
	address = {San Diego, CA, USA},
} 
















ARTICLE{hierarchy,
	author = {{White}, S.~D.~M. and {Rees}, M.~J.},
	title = "{Core condensation in heavy halos - A two-stage theory for galaxy formation and clustering}",
	journal = {\mnras},
	keywords = {Astronomical Models, Galactic Clusters, Galactic Evolution, Galactic Nuclei, Gravitational Effects, Halos, Critical Mass, Dark Matter, Dynamic Models, Interstellar Gas, Luminosity, Many Body Problem, Red Shift},
	year = 1978,
	month = may,
	volume = 183,
	pages = {341-358},
	doi = {10.1093/mnras/183.3.341},
	adsurl = {http://adsabs.harvard.edu/abs/1978MNRAS.183..341W},
	adsnote = {Provided by the SAO/NASA Astrophysics Data System}
}

















@ARTICLE{MAD,
   author = {{Knebe}, A. and {Knollmann}, S.~R. and {Muldrew}, S.~I. and 
	{Pearce}, F.~R. and {Aragon-Calvo}, M.~A. and {Ascasibar}, Y. and 
	{Behroozi}, P.~S. and {Ceverino}, D. and {Colombi}, S. and {Diemand}, J. and 
	{Dolag}, K. and {Falck}, B.~L. and {Fasel}, P. and {Gardner}, J. and 
	{Gottl{\"o}ber}, S. and {Hsu}, C.-H. and {Iannuzzi}, F. and 
	{Klypin}, A. and {Luki{\'c}}, Z. and {Maciejewski}, M. and {McBride}, C. and 
	{Neyrinck}, M.~C. and {Planelles}, S. and {Potter}, D. and {Quilis}, V. and 
	{Rasera}, Y. and {Read}, J.~I. and {Ricker}, P.~M. and {Roy}, F. and 
	{Springel}, V. and {Stadel}, J. and {Stinson}, G. and {Sutter}, P.~M. and 
	{Turchaninov}, V. and {Tweed}, D. and {Yepes}, G. and {Zemp}, M.
	},
    title = "{Haloes gone MAD: The Halo-Finder Comparison Project}",
  journal = {\mnras},
archivePrefix = "arXiv",
   eprint = {1104.0949},
 keywords = {methods: numerical, galaxies: evolution, galaxies: haloes, cosmology: miscellaneous, cosmology: theory, dark matter},
     year = 2011,
    month = aug,
   volume = 415,
    pages = {2293-2318},
      doi = {10.1111/j.1365-2966.2011.18858.x},
   adsurl = {http://adsabs.harvard.edu/abs/2011MNRAS.415.2293K},
  adsnote = {Provided by the SAO/NASA Astrophysics Data System}
}













ARTICLE{Notts,
	author = {{Onions}, J. and {Knebe}, A. and {Pearce}, F.~R. and {Muldrew}, S.~I. and 
	{Lux}, H. and {Knollmann}, S.~R. and {Ascasibar}, Y. and {Behroozi}, P. and 
	{Elahi}, P. and {Han}, J. and {Maciejewski}, M. and {Merch{\'a}n}, M.~E. and 
	{Neyrinck}, M. and {Ruiz}, A.~N. and {Sgr{\'o}}, M.~A. and {Springel}, V. and 
	{Tweed}, D.},
	title = "{Subhaloes going Notts: the subhalo-finder comparison project}",
	journal = {\mnras},
	archivePrefix = "arXiv",
	eprint = {1203.3695},
	primaryClass = "astro-ph.CO",
	keywords = {methods: numerical, galaxies: evolution, galaxies: haloes, cosmology: theory, dark matter},
	year = 2012,
	month = jun,
	volume = 423,
	pages = {1200-1214},
	doi = {10.1111/j.1365-2966.2012.20947.x},
	adsurl = {http://adsabs.harvard.edu/abs/2012MNRAS.423.1200O},
	adsnote = {Provided by the SAO/NASA Astrophysics Data System}
}














@Article{PHEW,
author="Bleuler, Andreas
and Teyssier, Romain
and Carassou, S{\'e}bastien
and Martizzi, Davide",
title="PHEW: a parallel segmentation algorithm for three-dimensional AMR datasets",
journal="Computational Astrophysics and Cosmology",
year="2015",
volume="2",
number="1",
pages="1--16",
abstract="We introduce phew (Parallel HiErarchical Watershed), a new segmentation algorithm to detect structures in astrophysical fluid simulations, and its implementation into the adaptive mesh refinement (AMR) code ramses. phew works on the density field defined on the adaptive mesh, and can thus be used on the gas density or the dark matter density after a projection of the particles onto the grid. The algorithm is based on a `watershed' segmentation of the computational volume into dense regions, followed by a merging of the segmented patches based on the saddle point topology of the density field. phew is capable of automatically detecting connected regions above the adopted density threshold, as well as the entire set of substructures within. Our algorithm is fully parallel and uses the MPI library. We describe in great detail the parallel algorithm and perform a scaling experiment which proves the capability of phew to run efficiently on massively parallel systems. Future work will add a particle unbinding procedure and the calculation of halo properties onto our segmentation algorithm, thus expanding the scope of phew to genuine halo finding.",
issn="2197-7909",
doi="10.1186/s40668-015-0009-7",
url="http://dx.doi.org/10.1186/s40668-015-0009-7"
}












@article{ramses,
	author = "{{Teyssier}, R.}",
	title = "{Cosmological hydrodynamics with adaptive mesh refinement. A new high resolution code called RAMSES}",
	journal = {\aap},
	eprint = {astro-ph/0111367},
	keywords = {GRAVITATION, HYDRODYNAMICS, METHODS: NUMERICAL, COSMOLOGY: THEORY, COSMOLOGY: LARGE-SCALE STRUCTURE OF UNIVERSE},
	year = 2002,
	month = apr,
	volume = 385,
	pages = {337-364},
	doi = {10.1051/0004-6361:20011817},
	adsurl = {http://adsabs.harvard.edu/abs/2002A%26A...385..337T},
	adsnote = {Provided by the SAO/NASA Astrophysics Data System}
}







@MISC{rockstar,
	author = {{Behroozi}, P. and {Wechsler}, R. and {Wu}, H.-Y.},
	title = "{Rockstar: Phase-space halo finder}",
	keywords = {Software},
	howpublished = {Astrophysics Source Code Library},
	year = 2012,
	month = oct,
	archivePrefix = "ascl",
	eprint = {1210.008},
	adsurl = {http://adsabs.harvard.edu/abs/2012ascl.soft10008B},
	adsnote = {Provided by the SAO/NASA Astrophysics Data System}
}







@PHDTHESIS{skid,
	author = {{Stadel}, J.~G.},
	title = "{Cosmological N-body simulations and their analysis}",
	school = {UNIVERSITY OF WASHINGTON},
	year = 2001,
	adsurl = {http://adsabs.harvard.edu/abs/2001PhDT........21S},
	adsnote = {Provided by the SAO/NASA Astrophysics Data System}
}









@ARTICLE{SO,
	author = {{Press}, W.~H. and {Schechter}, P.},
	title = "{Formation of Galaxies and Clusters of Galaxies by Self-Similar Gravitational Condensation}",
	journal = {\apj},
	year = 1974,
	month = feb,
	volume = 187,
	pages = {425-438},
	doi = {10.1086/152650},
	adsurl = {http://adsabs.harvard.edu/abs/1974ApJ...187..425P},
	adsnote = {Provided by the SAO/NASA Astrophysics Data System}
}


















@ARTICLE{soa,
	author = {{Knebe}, A. and {Pearce}, F.~R. and {Lux}, H. and {Ascasibar}, Y. and 
	{Behroozi}, P. and {Casado}, J. and {Moran}, C.~C. and {Diemand}, J. and 
	{Dolag}, K. and {Dominguez-Tenreiro}, R. and {Elahi}, P. and 
	{Falck}, B. and {Gottl{\"o}ber}, S. and {Han}, J. and {Klypin}, A. and 
	{Luki{\'c}}, Z. and {Maciejewski}, M. and {McBride}, C.~K. and 
	{Merch{\'a}n}, M.~E. and {Muldrew}, S.~I. and {Neyrinck}, M. and 
	{Onions}, J. and {Planelles}, S. and {Potter}, D. and {Quilis}, V. and 
	{Rasera}, Y. and {Ricker}, P.~M. and {Roy}, F. and {Ruiz}, A.~N. and 
	{Sgr{\'o}}, M.~A. and {Springel}, V. and {Stadel}, J. and {Sutter}, P.~M. and 
	{Tweed}, D. and {Zemp}, M.},
	title = "{Structure finding in cosmological simulations: the state of affairs}",
	journal = {\mnras},
	archivePrefix = "arXiv",
	eprint = {1304.0585},
	keywords = {galaxies: evolution, galaxies: haloes, galaxies: luminosity function, mass function, galaxies: statistics, cosmology: theory, dark matter},
	year = 2013,
	month = oct,
	volume = 435,
	pages = {1618-1658},
	doi = {10.1093/mnras/stt1403},
	adsurl = {http://adsabs.harvard.edu/abs/2013MNRAS.435.1618K},
	adsnote = {Provided by the SAO/NASA Astrophysics Data System}
}















@ARTICLE{subfind,
	author = {{Springel}, V. and {White}, S.~D.~M. and {Tormen}, G. and {Kauffmann}, G.
	},
	title = "{Populating a cluster of galaxies - I. Results at [formmu2]z=0}",
	journal = {\mnras},
	eprint = {astro-ph/0012055},
	keywords = {GALAXIES: CLUSTERS: GENERAL, GALAXIES: FORMATION, DARK MATTER},
	year = 2001,
	month = dec,
	volume = 328,
	pages = {726-750},
	doi = {10.1046/j.1365-8711.2001.04912.x},
	adsurl = {http://adsabs.harvard.edu/abs/2001MNRAS.328..726S},
	adsnote = {Provided by the SAO/NASA Astrophysics Data System}
}

